@article{neko,
	author = {猫山 ねこ},
	journal = {猫学会論文誌},
	number = {2},
	pages = {2-22},
	title = {リモートビデオ通話を用いた室内飼育猫のストレス低減効果},
	volume = {2},
	year = {2022},
}
@inproceedings{kajiyama_shapio,
author = {Kajiyama, Hayato and Inoue, Akifumi and Hoshi, Tohru},
title = {{SHAPIO: Shape I/O Controller for Video Games}},
year = {2015},
isbn = {9781450334662},
publisher = {Association for Computing Machinery},
address = {New York, NY, USA},
url = {https://doi.org/10.1145/2793107.2810318},
doi = {10.1145/2793107.2810318},
abstract = {In this paper, we propose "SHAPIO"', a game controller that inputs and outputs game events through its three-dimensional shape. SHAPIO consists of multiple triangular prisms, and its three-dimensional shape can be freely changed by twisting each prism. When a game player changes the shape of SHAPIO, the game system changes the shape of an item in the game into the same shape as SHAPIO, and vice versa. The player can feel the sense of unity with the game character, because SHAPIO always has the same shape as the item. We confirmed that the shape of our prototype could go hand-in-hand with the corresponding game item in a practical response time.},
booktitle = {Proceedings of the 2015 Annual Symposium on Computer-Human Interaction in Play},
pages = {565-570},
numpages = {6},
keywords = {gaming experience, traditional toy, game controller},
location = {London, United Kingdom},
series = {CHI PLAY '15}
}
@book{kinoshita,
	author =	"木下 是雄",
	title =		"理科系の作文技術",
	publisher =	"中央公論社",
	year =		1981}
@misc{LIV,
author = {},
title = {{Record \& stream yourself from VR with LIV}},
howpublished = {\url{https://www.liv.tv/}},
month = {},
year = {},
note = {(Accessed on 2023-06-13)}
}
@mastersthesis{sotsuron,
author = {工科 太郎},
title = {プログラミング講義におけるXYZの実践},
school = {東京工科大学コンピュータサイエンス学部},
year = {2021},
type = {卒業論文}
}
@misc{学長挨拶23:online,
author = {},
title = {学長挨拶　香川豊 | 大学概要 | 東京工科大学},
howpublished = {\url{https://www.teu.ac.jp/gaiyou/006488.html}},
month = {},
year = {},
note = {(閲覧日: 2023-06-13)}
}
@misc{LoremJPs26:online,
author = {},
title = {Lorem JPsum | 自然な日本語ダミーテキストを自動生成},
howpublished = {\url{https://lorem-jpsum.vercel.app/}},
month = {},
year = {},
note = {(閲覧日: 2023-06-13)}
}